<record><leader>01005nam a22002531  4500</leader><controlfield tag="001">001873658</controlfield><controlfield tag="003">MiAaHDL</controlfield><controlfield tag="005">20220406000000.0</controlfield><controlfield tag="006">m        d        </controlfield><controlfield tag="007">cr bn ---auaua</controlfield><controlfield tag="008">900425r18611855nyu|||||||||||||| ||eng|d</controlfield><datafield tag="035" ind1=" " ind2=" "><subfield code="a">(MiU)990018736580106381</subfield></datafield><datafield tag="035" ind1=" " ind2=" "><subfield code="a">sdr-miu.990018736580106381</subfield></datafield><datafield tag="035" ind1=" " ind2=" "><subfield code="a">sdr-chi3481201</subfield></datafield><datafield tag="035" ind1=" " ind2=" "><subfield code="a">(OCoLC)10802298</subfield></datafield><datafield tag="035" ind1=" " ind2=" "><subfield code="a">(SAZTEC)029803410</subfield></datafield><datafield tag="035" ind1=" " ind2=" "><subfield code="a">(CaOTULAS)176785327</subfield></datafield><datafield tag="035" ind1=" " ind2=" "><subfield code="z">(MiU)Aleph001873658</subfield></datafield><datafield tag="040" ind1=" " ind2=" "><subfield code="c">SAZTEC</subfield><subfield code="d">MiU</subfield></datafield><datafield tag="100" ind1="1" ind2=" "><subfield code="a">De Puy, Henry W.</subfield><subfield code="q">(Henry Walter),</subfield><subfield code="d">1820-1876.</subfield></datafield><datafield tag="245" ind1="1" ind2="0"><subfield code="a">Ethan Allen and the Green-Mountain heroes of '76. :</subfield><subfield code="b">With a sketch of the early history of Vermont /</subfield><subfield code="c">By Henry W. De Puy ...</subfield></datafield><datafield tag="260" ind1=" " ind2=" "><subfield code="a">New York :</subfield><subfield code="b">Phinney, Blakeman &amp; Mason Buffalo, Breed, Butler &amp; co.,</subfield><subfield code="c">1861.</subfield></datafield><datafield tag="300" ind1=" " ind2=" "><subfield code="a">xvii, [19]-428 p.</subfield><subfield code="b">pl., map.</subfield><subfield code="c">19cm.</subfield></datafield><datafield tag="500" ind1=" " ind2=" "><subfield code="a">Ethan Allen's narrative of his captivity: p. 213-278.</subfield></datafield><datafield tag="500" ind1=" " ind2=" "><subfield code="a">Issued later (Boston, 1855) under title: The mountain hero.</subfield></datafield><datafield tag="500" ind1=" " ind2=" "><subfield code="a">Title vignette (port.)</subfield></datafield><datafield tag="538" ind1=" " ind2=" "><subfield code="a">Mode of access: Internet.</subfield></datafield><datafield tag="600" ind1="1" ind2="0"><subfield code="a">Allen, Ethan,</subfield><subfield code="d">1738-1789.</subfield></datafield><datafield tag="651" ind1=" " ind2="0"><subfield code="a">Vermont</subfield><subfield code="x">History</subfield><subfield code="y">To 1791.</subfield></datafield><datafield tag="DLP" ind1=" " ind2=" "><subfield code="a">aja2018.0001.001</subfield></datafield><datafield tag="CID" ind1=" " ind2=" "><subfield code="a">001873658</subfield></datafield><datafield tag="DAT" ind1="0" ind2=" "><subfield code="a">20010518000000.0</subfield><subfield code="b">20220406000000.0</subfield></datafield><datafield tag="DAT" ind1="1" ind2=" "><subfield code="a">20220406060800.0</subfield><subfield code="b">2022-04-06T14:23:13Z</subfield></datafield><datafield tag="DAT" ind1="2" ind2=" "><subfield code="a">2012-09-15T00:30:31Z</subfield></datafield><datafield tag="CAT" ind1=" " ind2=" "><subfield code="a">SDR-MIU</subfield><subfield code="d">ALMA</subfield><subfield code="l">prepare.pl-004-008</subfield></datafield><datafield tag="FMT" ind1=" " ind2=" "><subfield code="a">BK</subfield></datafield><datafield tag="HOL" ind1=" " ind2=" "><subfield code="0">sdr-miu.990018736580106381</subfield><subfield code="a">MiU</subfield><subfield code="b">SDR</subfield><subfield code="c">MIU</subfield><subfield code="p">miun.aja2018.0001.001</subfield><subfield code="s">MIU</subfield><subfield code="1">990018736580106381</subfield></datafield><datafield tag="974" ind1=" " ind2=" "><subfield code="b">MIU</subfield><subfield code="c">MIU</subfield><subfield code="d">20220406</subfield><subfield code="s">lit-dlps-dc</subfield><subfield code="u">miun.aja2018.0001.001</subfield><subfield code="y">1861</subfield><subfield code="r">pd</subfield><subfield code="q">bib</subfield><subfield code="t">US bib date1, date type r &lt; 1927</subfield></datafield><datafield tag="974" ind1=" " ind2=" "><subfield code="b">CHI</subfield><subfield code="c">CHI</subfield><subfield code="d">20210105</subfield><subfield code="s">google</subfield><subfield code="u">chi.082894362</subfield><subfield code="z">c.1</subfield><subfield code="y">1861</subfield><subfield code="r">pd</subfield><subfield code="q">bib</subfield><subfield code="t">US bib date1, date type r &lt; 1927</subfield></datafield></record>